:20:STMT-REF-001
:25:IBAN-DE89370400440532013000
:28C:00001/001
:60F:C230101EUR10000,00
:61:2301030103CR1500,00NTRFBACS-REF-001
:86:VENDOR PAYMENT EUR/USD BATCH A
:61:2301040104CR2000,00NTRFBACS-REF-002
:86:FX SETTLEMENT TRANCHE B
:61:2301050105DR500,00NTRFBACS-REF-003
:86:BANK CHARGES JAN
:62F:C230105EUR13000,00
